<record><leader>00000cas a22000007a 4500</leader><controlfield tag="001">13730689</controlfield><controlfield tag="008">860613d18651866inuwr ne      0    0eng d</controlfield><datafield ind1=" " ind2=" " tag="010"><subfield code="a">sn 86058605 </subfield></datafield><datafield ind1=" " ind2=" " tag="040"><subfield code="a">NPI</subfield><subfield code="b">eng</subfield><subfield code="c">NPI</subfield><subfield code="d">OCL</subfield><subfield code="d">NPI</subfield><subfield code="d">OCLCQ</subfield></datafield><datafield ind1=" " ind2=" " tag="042"><subfield code="a">msc</subfield></datafield><datafield ind1="0" ind2="0" tag="245"><subfield code="a">Henry County weekly times.</subfield></datafield><datafield ind1=" " ind2=" " tag="260"><subfield code="a">New Castle, Henry County, Ind. :</subfield><subfield code="b">R.F. Brown,</subfield><subfield code="c">1865-</subfield></datafield><datafield ind1="0" ind2=" " tag="362"><subfield code="a">Vol. 1, no. 2 (Oct. 27, 1865)-</subfield></datafield><datafield ind1="1" ind2=" " tag="362"><subfield code="a">Ceased in Mar. 1866.</subfield></datafield><datafield ind1=" " ind2=" " tag="500"><subfield code="a">Published from Nov. 1865 in Knightstown, Ind.</subfield></datafield><datafield ind1=" " ind2=" " tag="515"><subfield code="a">Has some numbering irregularities.</subfield></datafield><datafield ind1=" " ind2=" " tag="752"><subfield code="a">United States</subfield><subfield code="b">Indiana</subfield><subfield code="c">Henry</subfield><subfield code="d">New Castle.</subfield></datafield><datafield ind1=" " ind2=" " tag="752"><subfield code="a">United States</subfield><subfield code="b">Indiana</subfield><subfield code="c">Henry</subfield><subfield code="d">Knightstown.</subfield></datafield><datafield ind1="0" ind2="0" tag="780"><subfield code="t">Henry County times</subfield><subfield code="w">(DLC)sn 86058604</subfield></datafield></record>